% Encoding: UTF-8

@Article{Gerya2003,
  author         = {Gerya, Taras V. and Yuen, David A.},
  title          = {Characteristics-based marker-in-cell method with conservative finite-differences schemes for modeling geological flows with strongly variable transport properties},
  journal        = {Physics of the Earth and Planetary Interiors},
  year           = {2003},
  volume         = {140},
  number         = {4},
  pages          = {293--318},
  issn           = {0031-9201},
  url            = {http://www.sciencedirect.com/science/article/pii/S0031920103001900},
}

@Article{Gerya2007,
  author         = {Gerya, Taras V. and Yuen, David A.},
  title          = {Robust characteristics method for modelling multiphase visco-elasto-plastic thermo-mechanical problems},
  journal        = {Physics of the Earth and Planetary Interiors},
  year           = {2007},
  volume         = {163},
  number         = {1-4},
  pages          = {83-105},
  issn           = {0031-9201},
  url            = {http://www.sciencedirect.com/science/article/pii/S0031920107000969},
}

@Article{Golabek2011,
  author         = {Golabek, Gregor J. and Keller, Tobias and Gerya, Taras V. and Zhu, Guizhi and Tackley, Paul J. and Connolly, James A. D.},
  title          = {Origin of the martian dichotomy and Tharsis from a giant impact causing massive magmatism},
  journal        = {Icarus},
  year           = {2011},
  volume         = {215},
  number         = {1},
  pages          = {346-357},
  issn           = {0019-1035},
  url            = {http://www.sciencedirect.com/science/article/pii/S0019103511002211
http://ac.els-cdn.com/S0019103511002211/1-s2.0-S0019103511002211-main.pdf?_tid=21efaed4-abd8-11e5-9cda-00000aab0f26&acdnat=1451138227_9bbb2f57482f519f4b6501b5d02b24d8},
}

@Article{Monteux2007c,
  author         = {Monteux, Julien and Coltice, Nicolas and Dubuffet, Fabien and Ricard, Yanick},
  title          = {Thermo-mechanical adjustment after impacts during planetary growth},
  journal        = {Geophysical Research Letters},
  year           = {2007},
  volume         = {34},
  number         = {24},
  pages          = {L24201},
  issn           = {0094-8276},
  publisher      = {AGU},
  url            = {http://dx.doi.org/10.1029/2007GL031635
http://onlinelibrary.wiley.com/store/10.1029/2007GL031635/asset/grl23835.pdf?v=1&t=iin6alri&s=6a4eab955deae90454c9c88eee9e6f7079567692},
}

@Article{Schmidt1998,
  author         = {Schmidt, Max W. and Poli, Stefano},
  title          = {Experimentally based water budgets for dehydrating slabs and consequences for arc magma generation},
  journal        = {Earth and Planetary Science Letters},
  year           = {1998},
  volume         = {163},
  number         = {1â€“4},
  pages          = {361--379},
  month          = nov,
  issn           = {0012-821X},
  url            = {http://www.sciencedirect.com/science/article/pii/S0012821X98001423
http://ac.els-cdn.com/S0012821X98001423/1-s2.0-S0012821X98001423-main.pdf?_tid=2a0a75bc-abd9-11e5-a67c-00000aacb360&acdnat=1451138670_33aa8e85f1f444010d301458b4fe0ecb},
}

@Article{Senshu2002,
  author         = {Senshu, Hiroki and Kuramoto, Kiyoshi and Matsui, Takafumi},
  title          = {Thermal evolution of a growing Mars},
  journal        = {Journal of Geophysical Research},
  year           = {2002},
  volume         = {107},
  number         = {E12},
  pages          = {5118},
  issn           = {0148-0227},
  publisher      = {AGU},
  url            = {http://dx.doi.org/10.1029/2001JE001819},
}

@Comment{jabref-meta: databaseType:bibtex;}

@Comment{jabref-meta: saveOrderConfig:specified;bibtexkey;false;author;false;year;false;}
